"Count","Tradelist Count","Name","Edition","Condition","Language","Foil","Tags","Last Modified","Collector Number","Alter","Proxy","Purchase Price"
"4","4","_____ Goblin","unf","Near Mint","English","foil","","2024-05-28 18:39:39.257000","107","False","False",""
"4","4","Abrade","2xm","Near Mint","English","","","2024-05-28 18:39:39.257000","114","False","False",""
"4","4","Abraded Bluffs","otj","Near Mint","English","foil","","2024-05-28 18:39:22.543000","251","False","False",""
"1","1","Accumulated Knowledge","a25","Near Mint","English","","","2024-05-28 18:38:57.807000","40","False","False",""
"3","3","Accumulated Knowledge","nem","Near Mint","English","","","2024-06-03 03:22:09.390000","26","False","False",""
"4","4","Acorn Harvest","tor","Near Mint","English","","","2024-05-28 18:39:14.790000","118","False","False",""
"1","1","Agony Warp","ala","Near Mint","English","","","2024-05-28 18:39:32.067000","153","False","False",""
"3","3","Agony Warp","2x2","Near Mint","English","foil","","2024-05-28 18:39:32.067000","168","False","False",""
"4","4","All That Glitters","cmm","Near Mint","English","foil","","2024-05-28 18:39:48.077000","622","False","False",""
"4","4","Alms of the Vein","soi","Near Mint","English","","","2024-05-28 18:38:45.120000","98","False","False",""
"4","4","Alpine Meadow","khm","Near Mint","English","","","2024-05-28 18:39:22.543000","248","False","False",""
"2","2","Ancestral Anger","vow","Near Mint","English","","","2024-06-03 03:40:54.690000","142","False","False",""
"2","2","Ancestral Anger","vow","Near Mint","English","foil","","2024-05-28 18:39:39.257000","142","False","False",""
"4","4","Ancestral Mask","mmq","Near Mint","English","","","2024-05-28 18:39:14.790000","229","False","False",""
"4","4","Ancient Den","sld","Near Mint","English","foil","","2024-05-28 18:39:22.543000","300","False","False",""
"4","4","Ancient Grudge","sld","Near Mint","English","foil","","2024-05-28 18:39:39.257000","98","False","False",""
"4","4","Ancient Stirrings","roe","Near Mint","English","","","2024-05-28 18:39:14.790000","174","False","False",""
"4","4","Annoyed Altisaur","2x2","Near Mint","English","","","2024-05-28 18:39:14.790000","134","False","False",""
"4","4","Annul","khm","Near Mint","Portuguese","","","2024-05-28 18:38:57.807000","42","False","False",""
"4","4","Apostle's Blessing","nph","Near Mint","English","","","2024-05-28 18:39:48.077000","2","False","False",""
"3","3","Arashin Cleric","frf","Near Mint","English","","","2024-05-28 18:39:48.077000","5","False","False",""
"4","4","Arbor Elf","pw21","Near Mint","English","","","2024-05-28 18:39:14.790000","1","False","False",""
"3","3","Arboreal Grazer","war","Near Mint","Portuguese","","","2024-05-28 18:39:14.790000","149","False","False",""
"2","2","Arcane Denial","a25","Near Mint","English","foil","","2024-05-28 18:38:57.807000","41","False","False",""
"4","4","Archaeomancer","uma","Near Mint","English","foil","","2024-05-28 18:38:57.807000","45","False","False",""
"4","4","Architects of Will","arb","Near Mint","English","","","2024-05-28 18:39:32.067000","17","False","False",""
"3","3","Arctic Treeline","khm","Near Mint","English","","","2024-05-28 18:39:22.543000","249","False","False",""
"4","4","Ardent Elementalist","mid","Near Mint","Portuguese","","","2024-05-28 18:39:39.257000","128","False","False",""
"4","4","Armored Armadillo","otj","Near Mint","English","foil","","2024-05-28 18:39:48.077000","3","False","False",""
"4","4","Arms of Hadar","clb","Near Mint","English","","","2024-05-28 18:38:45.120000","113","False","False",""
"4","4","Ash Barrens","brc","Near Mint","English","","","2024-05-28 18:39:22.543000","174","False","False",""
"4","4","Atog","mrd","Near Mint","English","","","2024-06-03 03:38:33.970000","86","False","False",""
"4","4","Augur of Bolas","mm3","Near Mint","English","","","2024-05-28 18:38:57.807000","30","False","False",""
"1","1","Aura Flux","ulg","Near Mint","English","","","2024-05-28 18:38:57.807000","27","False","False",""
"4","4","Avenging Hunter","clb","Near Mint","English","","","2024-05-28 18:39:14.790000","215","False","False",""
"4","4","Axebane Guardian","rtr","Near Mint","English","","","2024-05-28 18:39:14.790000","115","False","False",""
"4","4","Azorius Chancery","brc","Near Mint","English","","","2024-05-28 18:39:22.543000","175","False","False",""
"4","4","Azorius Guildgate","rvr","Near Mint","English","foil","","2024-05-28 18:39:22.543000","272","False","False",""
"4","4","Azure Fleet Admiral","cmr","Near Mint","Portuguese","","","2024-05-28 18:38:57.807000","58","False","False",""
"4","4","Barbed Batterfist","one","Near Mint","English","","","2024-05-28 18:39:39.257000","121","False","False",""
"4","4","Barren Moor","mh1","Near Mint","English","","","2024-05-28 18:39:22.543000","236","False","False",""
"4","4","Basilisk Gate","clb","Near Mint","English","","","2024-05-28 18:39:22.543000","346","False","False",""
"4","4","Battle Screech","cmm","Near Mint","English","","","2024-05-28 18:39:48.077000","17","False","False",""
"4","4","Behold the Multiverse","khm","Near Mint","English","","","2024-05-28 18:38:57.807000","46","False","False",""
"1","1","Benevolent Bodyguard","jud","Near Mint","English","","","2024-05-28 18:39:48.077000","5","False","False",""
"4","4","Benevolent Bodyguard","ema","Near Mint","English","","","2024-05-28 18:39:48.077000","4","False","False",""
"2","2","Bladeback Sliver","mh1","Near Mint","English","","","2024-05-28 18:39:39.257000","119","False","False",""
"4","4","Blanchwood Prowler","bro","Near Mint","English","","","2024-05-28 18:39:14.790000","172","False","False",""
"1","1","Blessed Hippogriff // Tyr's Blessing","clb","Near Mint","English","foil","","2024-06-03 03:08:05.403000","11","False","False",""
"2","2","Blessed Hippogriff // Tyr's Blessing","clb","Near Mint","Portuguese","foil","","2024-06-03 03:07:56.640000","11","False","False",""
"4","4","Blight Mamba","som","Near Mint","English","","","2024-06-03 03:56:47.643000","112","False","False",""
"2","2","Blightning","a25","Near Mint","English","","","2024-05-28 18:39:32.067000","198","False","False",""
"4","4","Blood Celebrant","lgn","Near Mint","English","","","2024-05-28 18:38:45.120000","61","False","False",""
"4","4","Blood Fountain","vow","Near Mint","English","","","2024-05-28 18:38:45.120000","95","False","False",""
"4","4","Blood Researcher","stx","Near Mint","English","","","2024-06-03 04:05:15.853000","166","False","False",""
"4","4","Blue Elemental Blast","4ed","Near Mint","English","","","2024-05-28 18:38:57.807000","63","False","False",""
"4","4","Boarding Party","cmr","Near Mint","English","","","2024-05-28 18:39:39.257000","163","False","False",""
"4","4","Bojuka Bog","brc","Near Mint","English","","","2024-05-28 18:39:22.543000","176","False","False",""
"2","2","Bone Picker","2xm","Near Mint","English","","","2024-06-03 03:27:19.110000","78","False","False",""
"4","4","Boros Garrison","2x2","Near Mint","English","foil","","2024-05-28 18:39:22.543000","401","False","False",""
"4","4","Boulderbranch Golem","bro","Near Mint","Portuguese","","","2024-05-28 18:39:06.650000","197","False","False",""
"4","4","Brainstorm","sld","Near Mint","English","foil","","2024-05-28 18:38:57.807000","1162","False","False",""
"4","4","Breath Weapon","clb","Near Mint","Portuguese","","","2024-05-28 18:39:39.257000","165","False","False",""
"4","4","Brinebarrow Intruder","khm","Near Mint","Portuguese","","","2024-05-28 18:38:57.807000","49","False","False",""
"4","4","Bring the Ending","one","Near Mint","English","","","2024-05-28 18:38:57.807000","44","False","False",""
"4","4","Bristling Backwoods","otj","Near Mint","English","foil","","2024-05-28 18:39:22.543000","253","False","False",""
"3","3","Brute Force","mm2","Near Mint","Portuguese","","","2024-05-28 18:39:39.257000","108","False","False",""
"4","4","Burglar Rat","rvr","Near Mint","English","","","2024-06-03 03:28:47.903000","69","False","False",""
"4","4","Burning Prophet","war","Near Mint","Portuguese","","","2024-05-28 18:39:39.257000","117","False","False",""
"4","4","Burning-Tree Emissary","2x2","Near Mint","Japanese","","","2024-06-03 04:04:52.870000","374","False","False",""
"4","4","Cabal Ritual","tor","Near Mint","English","","","2024-05-28 18:38:45.120000","51","False","False",""
"1","1","Campfire","cmm","Near Mint","English","foil","","2024-05-28 18:39:06.650000","374","False","False",""
"4","4","Campfire","clb","Near Mint","English","foil","","2024-05-28 18:39:06.650000","304","False","False",""
"3","3","Candy Trail","woe","Near Mint","English","","","2024-05-28 18:39:06.650000","243","False","False",""
"1","1","Candy Trail","woe","Near Mint","English","foil","","2024-05-28 18:39:06.650000","243","False","False",""
"4","4","Carrion Feeder","ema","Near Mint","English","foil","","2024-06-03 03:27:42.990000","84","False","False",""
"1","1","Cartouche of Solidarity","akh","Near Mint","English","","","2024-05-28 18:39:48.077000","7","False","False",""
"4","4","Cast Down","2xm","Near Mint","English","","","2024-05-28 18:38:45.120000","79","False","False",""
"4","4","Cast into the Fire","ltr","Near Mint","English","foil","","2024-05-28 18:39:39.257000","569","False","False",""
"4","4","Castigate","gpt","Near Mint","English","","","2024-05-28 18:39:32.067000","106","False","False",""
"2","2","Cauldron Familiar","eld","Near Mint","English","","","2024-06-03 03:26:37.017000","81","False","False",""
"1","1","Cave of Temptation","mh1","Near Mint","Portuguese","","","2024-05-28 18:39:22.543000","237","False","False",""
"4","4","Celestial Flare","plst","Near Mint","English","","","2024-05-28 18:39:48.077000","ORI-8","False","False",""
"4","4","Chain Lightning","pd2","Near Mint","English","foil","","2024-05-28 18:39:39.257000","16","False","False","0.00"
"4","4","Chainer's Edict","dmr","Near Mint","English","foil","","2024-05-28 18:38:45.120000","300","False","False",""
"4","4","Chittering Rats","dst","Near Mint","English","","","2024-06-03 03:28:12.367000","39","False","False",""
"2","2","Choking Sands","mir","Near Mint","English","","","2024-06-03 03:29:38.753000","113","False","False",""
"4","4","Chromatic Sphere","inv","Near Mint","English","","","2024-05-28 18:39:06.650000","299","False","False",""
"4","4","Chromatic Star","tsp","Near Mint","Portuguese","","","2024-05-28 18:39:06.650000","251","False","False",""
"4","4","Circle of Protection: Blue","ice","Near Mint","English","","","2024-05-28 18:39:48.077000","13","False","False",""
"1","1","Circle of the Land Druid","clb","Near Mint","English","","","2024-06-03 03:59:41.573000","220","False","False",""
"1","1","Circle of the Land Druid","clb","Near Mint","English","foil","","2024-06-03 03:59:37.793000","220","False","False",""
"4","4","Citadel Gate","clb","Near Mint","English","","","2024-05-28 18:39:22.543000","349","False","False",""
"4","4","Cleansing Wildfire","znr","Near Mint","English","","","2024-05-28 18:39:39.257000","137","False","False",""
"3","3","Compulsive Research","rav","Near Mint","English","","","2024-05-28 18:38:57.807000","40","False","False",""
"4","4","Conduit Pylons","otj","Near Mint","English","foil","","2024-05-28 18:39:22.543000","254","False","False",""
"4","4","Consider","mid","Near Mint","English","","","2024-05-28 18:38:57.807000","44","False","False",""
"4","4","Contaminated Aquifer","dmu","Near Mint","English","","","2024-05-28 18:39:22.543000","245","False","False",""
"4","4","Contentious Plan","war","Near Mint","Portuguese","","","2024-05-28 18:38:57.807000","46","False","False",""
"4","4","Corrupted Conviction","otj","Near Mint","English","foil","","2024-05-28 18:38:45.120000","84","False","False",""
"4","4","Counterspell","cmm","Near Mint","English","","","2024-05-28 18:38:57.807000","630","False","False",""
"4","4","Crash Through","hou","Near Mint","Portuguese","","","2024-05-28 18:39:39.257000","88","False","False",""
"4","4","Creosote Heath","otj","Near Mint","English","foil","","2024-05-28 18:39:22.543000","255","False","False",""
"4","4","Crimson Acolyte","inv","Near Mint","English","","","2024-05-28 18:39:48.077000","11","False","False",""
"4","4","Crimson Fleet Commodore","cmm","Near Mint","English","foil","","2024-05-28 18:39:39.257000","211","False","False",""
"4","4","Crop Rotation","ulg","Near Mint","English","","","2024-05-28 18:39:14.790000","98","False","False",""
"2","2","Crypt Incursion","ltc","Near Mint","English","","","2024-05-28 18:38:45.120000","198","False","False",""
"4","4","Crypt Rats","vis","Near Mint","English","","","2024-05-28 18:38:45.120000","55","False","False",""
"4","4","Crypt Sliver","lgn","Near Mint","English","","","2024-05-28 18:38:45.120000","63","False","False",""
"4","4","Cryptic Serpent","cmm","Near Mint","English","foil","","2024-05-28 18:38:57.807000","83","False","False",""
"1","1","Crystal Grotto","woe","Near Mint","English","","","2024-05-28 18:39:22.543000","254","False","False",""
"2","2","Crystal Grotto","dmu","Near Mint","English","","","2024-06-03 05:20:17.133000","246","False","False",""
"2","2","Crystal Grotto","dmu","Near Mint","Portuguese","","","2024-05-28 18:39:22.543000","246","False","False",""
"2","2","Curfew","usg","Near Mint","English","","","2024-06-03 03:21:55.517000","68","False","False",""
"1","1","Curse of the Pierced Heart","isd","Near Mint","English","","","2024-06-03 03:43:06.133000","138","False","False",""
"4","4","Dark Ritual","ice","Near Mint","English","","","2024-05-28 18:38:45.120000","120","False","False",""
"1","1","Darkmoss Bridge","mh2","Near Mint","English","foil","","2024-05-28 18:39:22.543000","245","False","False",""
"4","4","Darkness","40k","Near Mint","Portuguese","","","2024-05-28 18:38:45.120000","197","False","False",""
"4","4","Darksteel Citadel","sld","Near Mint","English","foil","","2024-05-28 18:39:22.543000","608","False","False",""
"4","4","Dawnbringer Cleric","afr","Near Mint","English","","","2024-05-28 18:39:48.077000","9","False","False",""
"4","4","Deadly Dispute","p30a","Near Mint","English","foil","","2024-05-28 18:38:45.120000","29","False","False",""
"4","4","Deep Analysis","cmm","Near Mint","English","","","2024-05-28 18:38:57.807000","86","False","False",""
"4","4","Defile","mh1","Near Mint","English","","","2024-05-28 18:38:45.120000","86","False","False",""
"4","4","Deftblade Elite","lgn","Near Mint","English","","","2024-06-03 03:06:31.320000","12","False","False",""
"4","4","Deglamer","mor","Near Mint","English","","","2024-05-28 18:39:14.790000","118","False","False",""
"4","4","Delver of Secrets // Insectile Aberration","isd","Near Mint","English","","","2024-05-28 18:38:57.807000","51","False","False",""
"4","4","Demand Answers","mkm","Near Mint","English","","","2024-05-28 18:39:39.257000","306","False","False",""
"2","2","Desert","f08","Near Mint","English","foil","","2024-05-28 18:39:22.543000","8","False","False",""
"4","4","Desperate Bloodseeker","otj","Near Mint","English","foil","","2024-05-28 18:38:45.120000","86","False","False",""
"1","1","Devious Cover-Up","grn","Near Mint","Portuguese","","","2024-05-28 18:38:57.807000","35","False","False",""
"4","4","Diabolic Edict","mh1","Near Mint","English","","","2024-06-03 03:31:15.680000","87","False","False",""
"4","4","Dihada's Ploy","mh2","Near Mint","English","","","2024-05-28 18:39:32.067000","193","False","False",""
"4","4","Dimir Aqueduct","brc","Near Mint","English","","","2024-05-28 18:39:22.543000","182","False","False",""
"1","1","Dimir Signet","rav","Near Mint","Portuguese","","","2024-05-28 18:39:06.650000","260","False","False",""
"2","2","Dinrova Horror","mm3","Near Mint","English","","","2024-05-28 18:39:32.067000","160","False","False",""
"2","2","Dinrova Horror","jmp","Near Mint","English","","","2024-05-28 18:39:32.067000","450","False","False",""
"1","1","Disdainful Stroke","snc","Near Mint","English","foil","","2024-05-28 18:38:57.807000","39","False","False",""
"2","2","Disfigure","zen","Near Mint","English","","","2024-05-28 18:38:45.120000","87","False","False",""
"2","2","Dismal Backwater","ktk","Near Mint","English","","","2024-05-28 18:39:22.543000","232","False","False",""
"4","4","Dispel","bfz","Near Mint","English","","","2024-05-28 18:38:57.807000","76","False","False",""
"2","2","Distant Melody","mic","Near Mint","English","","","2024-06-03 03:21:18.147000","98","False","False",""
"3","3","Divest","dom","Near Mint","English","","","2024-05-28 18:38:45.120000","87","False","False",""
"4","4","Drannith Healer","iko","Near Mint","Portuguese","","","2024-05-28 18:39:48.077000","10","False","False",""
"4","4","Drannith Stinger","j22","Near Mint","English","","","2024-05-28 18:39:39.257000","78","False","False",""
"4","4","Dread Return","dmr","Near Mint","English","foil","","2024-05-28 18:38:45.120000","302","False","False",""
"4","4","Drift of Phantasms","rvr","Near Mint","English","","","2024-05-28 18:38:57.807000","314","False","False",""
"4","4","Drossforge Bridge","brc","Near Mint","English","","","2024-05-28 18:39:22.543000","183","False","False",""
"4","4","Drown in Sorrow","cmm","Near Mint","English","","","2024-05-28 18:38:45.120000","154","False","False",""
"4","4","Duress","sta","Near Mint","English","","","2024-05-28 18:38:45.120000","29","False","False",""
"4","4","Dust to Dust","5ed","Near Mint","English","","","2024-05-28 18:39:48.077000","29","False","False",""
"4","4","Dwarven Forge-Chanter","bro","Near Mint","English","","","2024-06-03 03:38:18.437000","131","False","False",""
"1","1","Dwarven Forge-Chanter","bro","Near Mint","English","foil","","2024-06-03 03:38:47.343000","131","False","False",""
"2","2","Echoing Decay","plst","Near Mint","English","foil","","2024-05-28 18:38:45.120000","DST-41","False","False",""
"4","4","Echoing Truth","dmc","Near Mint","English","","","2024-05-28 18:38:57.807000","109","False","False",""
"4","4","Electrickery","rtr","Near Mint","English","","","2024-05-28 18:39:39.257000","93","False","False",""
"4","4","Elvish Mystic","cmm","Near Mint","English","foil","","2024-05-28 18:39:14.790000","648","False","False",""
"4","4","Embiggen","unf","Near Mint","English","","","2024-06-03 04:02:13.513000","137","False","False",""
"1","1","Emerge Unscathed","plst","Near Mint","English","","","2024-06-03 03:11:10.783000","IMA-19","False","False",""
"4","4","End the Festivities","vow","Near Mint","English","","","2024-05-28 18:39:39.257000","155","False","False",""
"4","4","Energy Refractor","bro","Near Mint","Portuguese","","","2024-05-28 18:39:06.650000","234","False","False",""
"4","4","Ephemerate","mh1","Near Mint","English","","","2024-05-28 18:39:48.077000","7","False","False",""
"4","4","Eroded Canyon","otj","Near Mint","English","foil","","2024-05-28 18:39:22.543000","256","False","False",""
"4","4","Escape Tunnel","mkm","Near Mint","English","","","2024-05-28 18:39:22.543000","261","False","False",""
"1","1","Essence Scatter","dmu","Near Mint","English","","","2024-06-03 03:23:02.353000","49","False","False",""
"4","4","Essence Warden","plc","Near Mint","English","","","2024-06-03 03:55:48.767000","145","False","False",""
"3","3","Ethereal Armor","rtr","Near Mint","English","","","2024-05-28 18:39:48.077000","9","False","False",""
"1","1","Ethereal Armor","rtr","Near Mint","Portuguese","","","2024-06-03 03:13:12.080000","9","False","False",""
"4","4","Eureka Moment","stx","Near Mint","English","","","2024-06-03 04:06:38.763000","184","False","False",""
"4","4","Everflowing Chalice","2xm","Near Mint","English","","","2024-05-28 18:39:06.650000","254","False","False",""
"4","4","Evolving Wilds","brc","Near Mint","English","","","2024-05-28 18:39:22.543000","184","False","False",""
"3","3","Exclude","c14","Near Mint","English","","","2024-05-28 18:38:57.807000","108","False","False",""
"3","3","Exhume","pd3","Near Mint","English","foil","","2024-05-28 18:38:45.120000","17","False","False",""
"4","4","Expedition Map","zen","Near Mint","English","","","2024-05-28 18:39:06.650000","201","False","False",""
"1","1","Experiment One","f13","Near Mint","English","foil","","2024-06-03 04:00:33.577000","9","False","False",""
"3","3","Experiment One","rvr","Near Mint","English","","","2024-06-03 04:00:27.160000","137","False","False",""
"4","4","Experimental Augury","one","Near Mint","Portuguese","","","2024-05-28 18:38:57.807000","278","False","False",""
"4","4","Experimental Synthesizer","neo","Near Mint","English","","","2024-05-28 18:39:39.257000","138","False","False",""
"4","4","Explore","ltc","Near Mint","English","foil","","2024-05-28 18:39:14.790000","528","False","False",""
"3","3","Extract a Confession","mkm","Near Mint","English","","","2024-05-28 18:38:45.120000","84","False","False",""
"2","2","Extract a Confession","mkm","Near Mint","English","foil","","2024-06-03 03:29:59.517000","84","False","False",""
"4","4","Faerie Macabre","shm","Near Mint","English","","","2024-05-28 18:38:45.120000","66","False","False",""
"4","4","Faerie Miscreant","m20","Near Mint","Portuguese","","","2024-05-28 18:38:57.807000","58","False","False",""
"4","4","Faerie Seer","woc","Near Mint","English","","","2024-05-28 18:38:57.807000","92","False","False",""
"4","4","Faithless Looting","c14","Near Mint","English","","","2024-05-28 18:39:39.257000","175","False","False",""
"4","4","Fallaji Archaeologist","bro","Near Mint","English","","","2024-05-28 18:38:57.807000","48","False","False",""
"4","4","Family Reunion","lci","Near Mint","English","","","2024-05-28 18:39:48.077000","13","False","False",""
"5","5","Fanatical Offering","lci","Near Mint","English","foil","","2024-05-28 18:38:45.120000","105","False","False",""
"4","4","Fangren Marauder","mbs","Near Mint","English","","","2024-05-28 18:39:14.790000","79","False","False",""
"2","2","Fathom Seer","ddn","Near Mint","English","","","2024-05-28 18:38:57.807000","45","False","False",""
"1","1","Feed the Clan","ktk","Near Mint","English","","","2024-06-03 04:02:25.410000","132","False","False",""
"1","1","Feed the Swarm","znr","Near Mint","English","","","2024-05-28 18:38:45.120000","102","False","False",""
"4","4","Festering Gulch","otj","Near Mint","English","foil","","2024-05-28 18:39:22.543000","257","False","False",""
"2","2","Festival Crasher","mid","Near Mint","English","foil","","2024-05-28 18:39:39.257000","140","False","False",""
"4","4","Fiery Cannonade","cmr","Near Mint","English","foil","","2024-05-28 18:39:39.257000","178","False","False",""
"4","4","Fiery Temper","f16","Near Mint","English","foil","","2024-05-28 18:39:39.257000","11","False","False",""
"3","3","Fire // Ice","uma","Near Mint","English","","","2024-06-03 04:06:52.580000","225","False","False",""
"4","4","Fireblast","pd2","Near Mint","English","foil","","2024-05-28 18:39:39.257000","26","False","False",""
"4","4","Firebolt","ema","Near Mint","English","","","2024-05-28 18:39:39.257000","130","False","False",""
"4","4","First-Sphere Gargantua","moc","Near Mint","English","","","2024-06-03 03:29:14.793000","248","False","False",""
"4","4","Flame Slash","sch","Near Mint","Portuguese","","","2024-05-28 18:39:39.257000","1","False","False",""
"4","4","Flaring Pain","jud","Near Mint","English","","","2024-05-28 18:39:39.257000","89","False","False",""
"1","1","Fling","sth","Near Mint","English","","","2024-05-28 18:39:39.257000","82","False","False",""
"4","4","Force Spike","7ed","Near Mint","English","","","2024-05-28 18:38:57.807000","76","False","False",""
"4","4","Forlorn Flats","otj","Near Mint","English","foil","","2024-05-28 18:39:22.543000","258","False","False",""
"4","4","Foundry Helix","mh2","Near Mint","English","","","2024-05-28 18:39:32.067000","196","False","False",""
"4","4","Foundry Street Denizen","m15","Near Mint","Portuguese","","","2024-05-28 18:39:39.257000","141","False","False",""
"4","4","Frantic Inventory","m21","Near Mint","Portuguese","","","2024-05-28 18:38:57.807000","50","False","False",""
"2","2","Freed from the Real","a25","Near Mint","English","","","2024-06-03 03:20:32.590000","58","False","False",""
"4","4","Freestrider Commando","otj","Near Mint","English","foil","","2024-05-28 18:39:14.790000","162","False","False",""
"4","4","Frogmite","mm2","Near Mint","English","","","2024-05-28 18:39:06.650000","215","False","False",""
"4","4","Fruit of Tizerus","thb","Near Mint","English","","","2024-06-03 03:30:56.683000","96","False","False",""
"1","1","Galvanic Alchemist","avr","Near Mint","English","","","2024-05-28 18:38:57.807000","54","False","False",""
"4","4","Galvanic Blast","som","Near Mint","English","","","2024-05-28 18:39:39.257000","91","False","False",""
"4","4","Galvanic Blast","2xm","Near Mint","English","foil","","2024-06-03 02:52:55.347000","125","False","False",""
"4","4","Gearseeker Serpent","kld","Near Mint","English","","","2024-05-28 18:38:57.807000","48","False","False",""
"3","3","Gemhide Sliver","tsp","Near Mint","English","","","2024-05-28 18:39:14.790000","196","False","False",""
"1","1","Gemhide Sliver","tsr","Near Mint","English","foil","","2024-05-28 18:39:14.790000","205","False","False",""
"4","4","Generous Ent","ltr","Near Mint","English","foil","","2024-05-28 18:39:14.790000","620","False","False",""
"4","4","Geothermal Bog","dmu","Near Mint","English","","","2024-05-28 18:39:22.543000","247","False","False",""
"4","4","Ghitu Amplifier","dmu","Near Mint","Portuguese","","","2024-05-28 18:39:39.257000","127","False","False",""
"2","2","Ghostly Flicker","mm3","Near Mint","English","","","2024-05-28 18:38:57.807000","39","False","False",""
"3","3","Gideon's Sacrifice","mkc","Near Mint","English","","","2024-06-03 03:12:01.893000","68","False","False",""
"4","4","Gingerbrute","eld","Near Mint","Portuguese","","","2024-05-28 18:39:06.650000","219","False","False",""
"4","4","Glacial Floodplain","khm","Near Mint","English","","","2024-05-28 18:39:22.543000","257","False","False",""
"1","1","Gladecover Scout","m14","Near Mint","English","","","2024-05-28 18:39:14.790000","176","False","False",""
"1","1","Gleeful Sabotage","shm","Near Mint","English","","","2024-05-28 18:39:14.790000","116","False","False",""
"4","4","Glint Hawk","som","Near Mint","English","","","2024-05-28 18:39:48.077000","10","False","False",""
"4","4","Glistener Elf","nph","Near Mint","English","","","2024-05-28 18:39:14.790000","111","False","False",""
"4","4","Glorious Gale","ltr","Near Mint","English","","","2024-06-03 03:23:24.583000","51","False","False",""
"4","4","Gnaw to the Bone","isd","Near Mint","Portuguese","","","2024-05-28 18:39:14.790000","183","False","False",""
"1","1","Go for the Throat","mbs","Near Mint","English","","","2024-05-28 18:38:45.120000","43","False","False",""
"4","4","Goblin Anarchomancer","mh2","Near Mint","English","","","2024-06-03 04:04:34.523000","421","False","False",""
"4","4","Goblin Blast-Runner","bro","Near Mint","English","foil","","2024-05-28 18:39:39.257000","137","False","False",""
"4","4","Goblin Bushwhacker","zen","Near Mint","English","","","2024-05-28 18:39:39.257000","125","False","False",""
"4","4","Goblin Grenade","j22","Near Mint","English","","","2024-05-28 18:39:39.257000","542","False","False",""
"4","4","Goblin Matron","dmr","Near Mint","English","foil","","2024-05-28 18:39:39.257000","323","False","False",""
"2","2","Goblin Sledder","ons","Near Mint","English","","","2024-06-03 03:39:52.760000","209","False","False",""
"4","4","Goblin Tomb Raider","lci","Near Mint","Portuguese","","","2024-05-28 18:39:39.257000","151","False","False",""
"4","4","Goblin Wizardry","m21","Near Mint","Portuguese","foil","","2024-05-28 18:39:39.257000","148","False","False",""
"4","4","God-Pharaoh's Faithful","hou","Near Mint","English","","","2024-05-28 18:39:48.077000","14","False","False",""
"4","4","Gold Pan","otj","Near Mint","English","foil","","2024-05-28 18:39:06.650000","242","False","False",""
"1","1","Golden Egg","eld","Near Mint","English","","","2024-05-28 18:39:06.650000","220","False","False",""
"4","4","Goldmire Bridge","brc","Near Mint","English","","","2024-05-28 18:39:22.543000","186","False","False",""
"3","3","Golgari Rot Farm","2x2","Near Mint","English","foil","","2024-05-28 18:39:22.543000","406","False","False",""
"4","4","Goliath Paladin","clb","Near Mint","English","","","2024-05-28 18:39:48.077000","21","False","False",""
"4","4","Gorilla Shaman","mh2","Near Mint","English","","","2024-05-28 18:39:39.257000","280","False","False",""
"2","2","Gray Merchant of Asphodel","thb","Near Mint","English","","","2024-06-03 03:27:06.627000","355","False","False",""
"2","2","Gray Merchant of Asphodel","thb","Near Mint","Portuguese","foil","","2024-05-28 18:38:45.120000","355","False","False",""
"4","4","Great Furnace","sld","Near Mint","English","foil","","2024-05-28 18:39:22.543000","303","False","False",""
"3","3","Growth Spiral","rna","Near Mint","English","","","2024-05-28 18:39:32.067000","178","False","False",""
"1","1","Guardian Naga // Banishing Coils","clb","Near Mint","Portuguese","","","2024-06-03 03:02:54.113000","23","False","False",""
"4","4","Guardian of the Guildpact","dis","Near Mint","English","","","2024-05-28 18:39:48.077000","10","False","False",""
"4","4","Gurmag Angler","tsr","Near Mint","English","","","2024-05-28 18:38:45.120000","324","False","False",""
"1","1","Gut Shot","nph","Near Mint","English","","","2024-06-03 03:42:35.307000","86","False","False",""
"1","1","Gut Shot","mm2","Near Mint","English","","","2024-06-03 03:42:41.470000","117","False","False",""
"3","3","Halo Hopper","mom","Near Mint","English","","","2024-05-28 18:39:06.650000","260","False","False",""
"2","2","Haunted Fengraf","a25","Near Mint","English","","","2024-05-28 18:39:22.543000","240","False","False",""
"4","4","Haunted Mire","dmu","Near Mint","English","","","2024-05-28 18:39:22.543000","248","False","False",""
"4","4","Healer of the Glade","m20","Near Mint","English","","","2024-06-03 03:58:31.853000","176","False","False",""
"4","4","Heap Gate","clb","Near Mint","English","","","2024-05-28 18:39:22.543000","354","False","False",""
"2","2","Heart Sliver","tmp","Near Mint","English","","","2024-05-28 18:39:39.257000","182","False","False",""
"4","4","Hearth Charm","vis","Near Mint","Portuguese","","","2024-05-28 18:39:39.257000","82","False","False",""
"4","4","Heliod's Pilgrim","thb","Near Mint","Portuguese","foil","","2024-05-28 18:39:48.077000","20","False","False",""
"4","4","Hickory Woodlot","mmq","Near Mint","English","","","2024-05-28 18:39:22.543000","319","False","False",""
"2","2","Hidden Spider","usg","Near Mint","English","","","2024-06-03 04:03:15.977000","264","False","False",""
"4","4","Highland Forest","khm","Near Mint","English","","","2024-05-28 18:39:22.543000","261","False","False",""
"4","4","Highway Robbery","otj","Near Mint","English","foil","","2024-06-03 03:42:04.203000","129","False","False",""
"2","2","Holdout Settlement","ogw","Near Mint","English","","","2024-05-28 18:39:22.543000","172","False","False",""
"4","4","Holy Cow","otj","Near Mint","English","foil","","2024-05-28 18:39:48.077000","16","False","False",""
"2","2","Honored Heirloom","vow","Near Mint","English","","","2024-05-28 18:39:06.650000","257","False","False",""
"4","4","Hopeless Nightmare","woe","Near Mint","English","","","2024-05-28 18:38:45.120000","95","False","False",""
"4","4","Horror of the Broken Lands","akh","Near Mint","Portuguese","","","2024-05-28 18:38:45.120000","95","False","False",""
"4","4","Hunter Sliver","lgn","Near Mint","English","","","2024-05-28 18:39:39.257000","102","False","False",""
"4","4","Hydroblast","ice","Near Mint","English","","","2024-05-28 18:38:57.807000","72","False","False",""
"4","4","Hyena Umbra","roe","Near Mint","English","","","2024-06-03 03:13:35.657000","26","False","False",""
"4","4","Ice Tunnel","khm","Near Mint","English","","","2024-05-28 18:39:22.543000","262","False","False",""
"4","4","Ichor Wellspring","ddu","Near Mint","English","","","2024-05-28 18:39:06.650000","54","False","False",""
"4","4","Ichorclaw Myr","som","Near Mint","English","","","2024-06-03 04:10:33.183000","166","False","False",""
"3","3","Idyllic Beachfront","dmu","Near Mint","English","","","2024-05-28 18:39:22.543000","249","False","False",""
"4","4","Ill-Gotten Inheritance","rvr","Near Mint","English","","","2024-06-03 03:34:09.880000","77","False","False",""
"1","1","Immolating Souleater","nph","Near Mint","Portuguese","","","2024-05-28 18:39:06.650000","139","False","False",""
"2","2","Impact Tremors","dtk","Near Mint","Portuguese","","","2024-05-28 18:39:39.257000","140","False","False",""
"4","4","Implement of Combustion","aer","Near Mint","English","","","2024-05-28 18:39:06.650000","155","False","False",""
"4","4","Imposing Vantasaur","iko","Near Mint","Portuguese","","","2024-05-28 18:39:48.077000","17","False","False",""
"4","4","Impulse","dmu","Near Mint","Portuguese","","","2024-05-28 18:38:57.807000","55","False","False",""
"4","4","Infectious Inquiry","one","Near Mint","English","","","2024-05-28 18:38:45.120000","97","False","False",""
"4","4","Ingot Chewer","uma","Near Mint","English","","","2024-05-28 18:39:39.257000","135","False","False",""
"4","4","Inside Out","eve","Near Mint","English","","","2024-06-03 04:06:23.703000","103","False","False",""
"4","4","Inspiring Overseer","snc","Near Mint","English","","","2024-05-28 18:39:48.077000","18","False","False",""
"4","4","Introduction to Prophecy","stx","Near Mint","English","","","2024-06-03 05:20:22.030000","4","False","False",""
"4","4","Izzet Boilerworks","brc","Near Mint","English","","","2024-05-28 18:39:22.543000","188","False","False",""
"4","4","Izzet Charm","rvr","Near Mint","English","","","2024-05-28 18:39:32.067000","368","False","False",""
"2","2","Jace's Erasure","m12","Near Mint","English","","","2024-05-28 18:38:57.807000","60","False","False",""
"4","4","Jagged Barrens","otj","Near Mint","English","foil","","2024-05-28 18:39:22.543000","259","False","False",""
"4","4","Jaspera Sentinel","khm","Near Mint","English","","","2024-05-28 18:39:14.790000","178","False","False",""
"2","2","Jhessian Thief","ima","Near Mint","English","","","2024-05-28 18:38:57.807000","61","False","False",""
"4","4","Journey to Nowhere","zen","Near Mint","English","","","2024-05-28 18:39:48.077000","14","False","False",""
"1","1","Kaervek's Torch","mir","Near Mint","English","","","2024-05-28 18:39:39.257000","185","False","False",""
"3","3","Karametra's Blessing","thb","Near Mint","English","","","2024-05-28 18:39:48.077000","26","False","False",""
"2","2","Keen Glidemaster","m21","Near Mint","Portuguese","","","2024-05-28 18:38:57.807000","54","False","False",""
"1","1","Keep Watch","woc","Near Mint","English","","","2024-06-03 03:23:49.737000","98","False","False",""
"4","4","Kenku Artificer","clb","Near Mint","Portuguese","foil","","2024-05-28 18:38:57.807000","80","False","False",""
"4","4","Kessig Flamebreather","vow","Near Mint","English","","","2024-05-28 18:39:39.257000","164","False","False",""
"4","4","Khalni Garden","wwk","Near Mint","English","","","2024-05-28 18:39:22.543000","138","False","False",""
"4","4","Kick in the Door","afr","Near Mint","English","foil","","2024-05-28 18:39:39.257000","153","False","False",""
"4","4","Kiln Fiend","cn2","Near Mint","English","","","2024-05-28 18:39:39.257000","167","False","False",""
"4","4","Kitchen Imp","mh2","Near Mint","English","","","2024-05-28 18:38:45.120000","89","False","False",""
"4","4","Kor Skyfisher","mm3","Near Mint","English","","","2024-05-28 18:39:48.077000","11","False","False",""
"4","4","Krark-Clan Shaman","mrd","Near Mint","English","","","2024-05-28 18:39:39.257000","98","False","False",""
"4","4","Kuldotha Rebirth","som","Near Mint","English","","","2024-05-28 18:39:39.257000","96","False","False",""
"3","3","Land Grant","mmq","Near Mint","English","","","2024-06-03 04:01:09.447000","255","False","False",""
"1","1","Last Breath","ths","Near Mint","Portuguese","foil","","2024-06-03 03:09:26.877000","22","False","False",""
"3","3","Last Breath","2x2","Near Mint","English","","","2024-05-28 18:39:48.077000","15","False","False",""
"2","2","Late to Dinner","mh2","Near Mint","English","","","2024-05-28 18:39:48.077000","19","False","False",""
"4","4","Lava Dart","mh1","Near Mint","Portuguese","","","2024-05-28 18:39:39.257000","134","False","False",""
"4","4","Lava Spike","ppro","Near Mint","English","","","2024-05-28 18:39:39.257000","2022-1","False","False","0.00"
"4","4","Lead the Stampede","mbs","Near Mint","English","","","2024-05-28 18:39:14.790000","82","False","False",""
"4","4","Lembas","ltr","Near Mint","English","foil","","2024-05-28 18:39:06.650000","243","False","False",""
"3","3","Light of Hope","iko","Near Mint","English","","","2024-05-28 18:39:48.077000","20","False","False",""
"4","4","Lightning Bolt","sta","Near Mint","Japanese","etched","","2024-05-28 18:39:39.257000","105","False","False","0.00"
"4","4","Lightning Bolt","sld","Near Mint","English","foil","","2024-05-28 18:39:39.257000","85","False","False",""
"3","3","Living Totem","m15","Near Mint","English","","","2024-06-03 03:57:29.060000","184","False","False",""
"1","1","Living Totem","m15","Near Mint","English","foil","","2024-06-03 03:57:34.760000","184","False","False",""
"4","4","Llanowar Elves","pres","Near Mint","English","foil","","2024-05-28 18:39:14.790000","1","False","False",""
"4","4","Llanowar Visionary","m21","Near Mint","English","","","2024-05-28 18:39:14.790000","193","False","False",""
"4","4","Lonely Arroyo","otj","Near Mint","English","foil","","2024-05-28 18:39:22.543000","260","False","False",""
"2","2","Lonely Sandbar","mh1","Near Mint","Portuguese","","","2024-05-28 18:38:57.807000","242","False","False",""
"4","4","Lórien Revealed","ltr","Near Mint","English","foil","","2024-05-28 18:38:57.807000","60","False","False",""
"4","4","Lose Focus","mh2","Near Mint","English","","","2024-05-28 18:38:57.807000","49","False","False",""
"4","4","Lotleth Giant","grn","Near Mint","English","","","2024-05-28 18:38:45.120000","74","False","False",""
"4","4","Lotus Petal","plst","Near Mint","English","","","2024-05-28 18:39:06.650000","TMP-294","False","False",""
"1","1","Lumithread Field","fut","Near Mint","English","","","2024-05-28 18:39:48.077000","25","False","False",""
"1","1","Lunarch Veteran // Luminous Phantom","mid","Near Mint","English","","","2024-06-03 03:02:18.667000","27","False","False",""
"4","4","Lush Oasis","otj","Near Mint","English","foil","","2024-05-28 18:39:22.543000","261","False","False",""
"3","3","Luxa River Shrine","akh","Near Mint","English","","","2024-06-03 05:20:25.937000","232","False","False","0.00"
"1","1","Luxa River Shrine","akh","Near Mint","English","foil","","2024-06-03 05:20:31.320000","232","False","False","0.00"
"4","4","Maelstrom Colossus","cmr","Near Mint","Portuguese","","","2024-05-28 18:39:06.650000","322","False","False",""
"4","4","Maestros Theater","snc","Near Mint","Portuguese","","","2024-05-28 18:39:22.543000","251","False","False",""
"4","4","Makeshift Munitions","cmm","Near Mint","English","","","2024-05-28 18:39:39.257000","242","False","False",""
"1","1","Mana Tithe","plc","Near Mint","Portuguese","","","2024-06-03 03:10:10.667000","25","False","False",""
"3","3","Mana Tithe","plst","Near Mint","English","","","2024-06-03 03:10:04.003000","PLC-25","False","False",""
"4","4","Manamorphose","shm","Near Mint","Portuguese","","","2024-05-28 18:39:32.067000","211","False","False",""
"1","1","Mantle of Tides","eld","Near Mint","English","foil","","2024-06-03 03:20:13.580000","52","False","False",""
"4","4","Masked Vandal","khm","Near Mint","English","","","2024-05-28 18:39:14.790000","184","False","False",""
"1","1","Masked Vandal","khm","Near Mint","English","foil","","2024-05-28 18:39:14.790000","405","False","False",""
"4","4","Meeting of Minds","mom","Near Mint","English","","","2024-05-28 18:38:57.807000","66","False","False",""
"4","4","Mental Note","jud","Near Mint","English","","","2024-05-28 18:38:57.807000","46","False","False",""
"4","4","Metallic Rebuke","2xm","Near Mint","English","","","2024-05-28 18:38:57.807000","59","False","False",""
"1","1","Midnight Guard","plst","Near Mint","English","","","2024-05-28 18:39:48.077000","BBD-99","False","False",""
"4","4","Militia Bugler","pm19","Near Mint","Portuguese","foil","","2024-06-03 03:04:11.180000","29","False","False",""
"4","4","Mine Collapse","mh2","Near Mint","English","","","2024-05-28 18:39:39.257000","408","False","False",""
"4","4","Mine Excavation","shm","Near Mint","English","","","2024-05-28 18:39:48.077000","13","False","False",""
"4","4","Mirage Mesa","otj","Near Mint","English","foil","","2024-05-28 18:39:22.543000","262","False","False",""
"4","4","Mirrorshell Crab","neo","Near Mint","Portuguese","","","2024-05-28 18:38:57.807000","63","False","False",""
"4","4","Mistvault Bridge","brc","Near Mint","English","","","2024-05-28 18:39:22.543000","189","False","False",""
"3","3","Mnemonic Wall","ths","Near Mint","Portuguese","","","2024-05-28 18:38:57.807000","55","False","False",""
"4","4","Mogg Raider","tmp","Near Mint","English","","","2024-05-28 18:39:39.257000","191","False","False",""
"4","4","Mogg War Marshal","dmr","Near Mint","English","","","2024-05-28 18:39:39.257000","326","False","False",""
"4","4","Molten Rain","mm3","Near Mint","English","","","2024-06-03 03:41:27.667000","103","False","False",""
"4","4","Moment's Peace","ody","Near Mint","English","","","2024-05-28 18:39:14.790000","251","False","False",""
"4","4","Monstrous Carabid","arb","Near Mint","English","","","2024-05-28 18:39:32.067000","43","False","False",""
"2","2","Moonblade Shinobi","mh1","Near Mint","English","","","2024-05-28 18:38:57.807000","59","False","False",""
"4","4","Moon-Circuit Hacker","neo","Near Mint","English","","","2024-05-28 18:38:57.807000","334","False","False",""
"1","1","Mortuary Mire","pip","Near Mint","English","foil","","2024-05-28 18:39:22.543000","800","False","False",""
"4","4","Muddle the Mixture","rvr","Near Mint","Portuguese","","","2024-05-28 18:38:57.807000","315","False","False",""
"2","2","Mukotai Ambusher","neo","Near Mint","Portuguese","","","2024-05-28 18:38:45.120000","342","False","False",""
"4","4","Mulldrifter","cmr","Near Mint","English","foil","","2024-05-28 18:38:57.807000","639","False","False",""
"4","4","Murmuring Mystic","rvr","Near Mint","Portuguese","","","2024-05-28 18:38:57.807000","51","False","False",""
"4","4","Muscle Sliver","tmp","Near Mint","English","","","2024-05-28 18:39:14.790000","238","False","False",""
"4","4","Mutagenic Growth","nph","Near Mint","English","","","2024-05-28 18:39:14.790000","116","False","False",""
"4","4","Mwonvuli Acid-Moss","tsp","Near Mint","English","","","2024-05-28 18:39:14.790000","207","False","False",""
"4","4","Myr Enforcer","mm2","Near Mint","English","","","2024-05-28 18:39:06.650000","224","False","False",""
"4","4","Myr Kinsmith","one","Near Mint","English","","","2024-06-03 05:20:35.997000","236","False","False",""
"4","4","Mystical Teachings","mm3","Near Mint","English","","","2024-05-28 18:38:57.807000","44","False","False",""
"3","3","Nature's Chant","mh1","Near Mint","English","","","2024-05-28 18:39:32.067000","210","False","False",""
"4","4","Needle Drop","lrw","Near Mint","English","","","2024-05-28 18:39:39.257000","186","False","False",""
"4","4","Negate","m20","Near Mint","Portuguese","","","2024-05-28 18:38:57.807000","69","False","False",""
"3","3","Network Terminal","neo","Near Mint","English","","","2024-05-28 18:39:06.650000","251","False","False",""
"4","4","Nihil Spellbomb","a25","Near Mint","English","","","2024-05-28 18:39:06.650000","226","False","False",""
"4","4","Ninja of the Deep Hours","tsr","Near Mint","Portuguese","","","2024-05-28 18:38:57.807000","313","False","False",""
"4","4","Novice Inspector","mkm","Near Mint","English","foil","","2024-05-28 18:39:48.077000","29","False","False",""
"4","4","Nylea's Disciple","ths","Near Mint","English","","","2024-06-03 03:57:58.987000","167","False","False",""
"4","4","Obscura Storefront","snc","Near Mint","Portuguese","","","2024-05-28 18:39:22.543000","252","False","False",""
"4","4","Obsidian Acolyte","inv","Near Mint","English","","","2024-05-28 18:39:48.077000","22","False","False",""
"4","4","Of One Mind","iko","Near Mint","English","","","2024-05-28 18:38:57.807000","60","False","False",""
"4","4","Okiba-Gang Shinobi","bok","Near Mint","English","","","2024-05-28 18:38:45.120000","76","False","False",""
"2","2","Oliphaunt","ltr","Near Mint","Portuguese","","","2024-05-28 18:39:39.257000","139","False","False",""
"3","3","Omen of the Dead","thb","Near Mint","English","","","2024-05-28 18:38:45.120000","110","False","False",""
"4","4","Opt","inv","Near Mint","English","","","2024-06-03 03:21:40.880000","64","False","False",""
"4","4","Ornithopter","brr","Near Mint","English","foil","","2024-05-28 18:39:06.650000","37","False","False",""
"4","4","Orzhov Basilica","brc","Near Mint","English","","","2024-05-28 18:39:22.543000","191","False","False",""
"4","4","Outlaw Medic","otj","Near Mint","English","foil","","2024-05-28 18:39:48.077000","23","False","False",""
"4","4","Overgrown Battlement","ncc","Near Mint","English","","","2024-05-28 18:39:14.790000","303","False","False",""
"2","2","Overwhelming Remorse","bro","Near Mint","English","foil","","2024-06-03 03:31:30.840000","110","False","False",""
"4","4","Palace Sentinels","cn2","Near Mint","English","","","2024-05-28 18:39:48.077000","19","False","False",""
"1","1","Patrician's Scorn","fut","Near Mint","English","","","2024-05-28 18:39:48.077000","29","False","False",""
"4","4","Peat Bog","mmq","Near Mint","English","","","2024-05-28 18:39:22.543000","322","False","False",""
"4","4","Pentad Prism","5dn","Near Mint","English","","","2024-05-28 18:39:06.650000","143","False","False",""
"2","2","Pestilence","4bb","Near Mint","Portuguese","","","2024-06-03 03:33:50.357000","152","False","False",""
"1","1","Phyrexian Rager","10e","Near Mint","English","","","2024-05-28 18:38:45.120000","167","False","False",""
"1","1","Pick Your Poison","mkm","Near Mint","Portuguese","","","2024-05-28 18:39:14.790000","170","False","False",""
"4","4","Pieces of the Puzzle","soi","Near Mint","Portuguese","","","2024-05-28 18:38:57.807000","78","False","False",""
"4","4","Plated Sliver","lgn","Near Mint","English","","","2024-05-28 18:39:48.077000","19","False","False",""
"4","4","Polluted Mire","dmr","Near Mint","English","","","2024-06-03 05:20:39.620000","253","False","False",""
"4","4","Ponder","m12","Near Mint","English","","","2024-05-28 18:38:57.807000","73","False","False",""
"1","1","Power Plant Worker","bro","Near Mint","English","","","2024-05-28 18:39:06.650000","241","False","False",""
"4","4","Predatory Sliver","m14","Near Mint","English","","","2024-05-28 18:39:14.790000","189","False","False",""
"4","4","Preordain","m11","Near Mint","English","","","2024-05-28 18:38:57.807000","70","False","False",""
"1","1","Prismari Campus","stx","Near Mint","Portuguese","","","2024-05-28 18:39:22.543000","270","False","False",""
"4","4","Prismatic Strands","jud","Near Mint","English","","","2024-05-28 18:39:48.077000","18","False","False",""
"3","3","Pristine Talisman","ima","Near Mint","English","","","2024-05-28 18:39:06.650000","225","False","False",""
"1","1","Pristine Talisman","brr","Near Mint","English","foil","","2024-06-03 05:20:43.373000","106","False","False",""
"4","4","Prohibit","mh1","Near Mint","English","","","2024-05-28 18:38:57.807000","64","False","False",""
"4","4","Prologue to Phyresis","one","Near Mint","English","","","2024-05-28 18:38:57.807000","65","False","False",""
"4","4","Pulse of Murasa","ogw","Near Mint","English","","","2024-05-28 18:39:14.790000","141","False","False",""
"4","4","Pyroblast","ice","Near Mint","English","","","2024-05-28 18:39:39.257000","213","False","False",""
"2","2","Qasali Pridemage","prm","Near Mint","English","foil","","2024-05-28 18:39:32.067000","102287","False","False",""
"2","2","Quandrix Campus","stx","Near Mint","English","","","2024-06-03 05:20:46.970000","271","False","False","0.00"
"1","1","Quandrix Campus","stx","Near Mint","English","foil","","2024-06-03 05:20:51.823000","271","False","False","0.00"
"1","1","Quandrix Campus","stx","Near Mint","Portuguese","","","2024-05-28 18:39:22.543000","271","False","False",""
"4","4","Quick Sliver","lgn","Near Mint","English","","","2024-05-28 18:39:14.790000","136","False","False",""
"4","4","Quirion Ranger","mh2","Near Mint","English","","","2024-05-28 18:39:14.790000","285","False","False",""
"1","1","Racers' Ring","snc","Near Mint","English","foil","","2024-06-03 05:20:58.187000","352","False","False",""
"4","4","Radiant Fountain","m21","Near Mint","English","","","2024-05-28 18:39:22.543000","248","False","False",""
"1","1","Radiant Grove","dmu","Near Mint","English","foil","","2024-06-03 05:21:01.677000","253","False","False",""
"4","4","Raffine's Informant","snc","Near Mint","English","","","2024-05-28 18:39:48.077000","26","False","False",""
"4","4","Rakdos Carnarium","brc","Near Mint","English","","","2024-05-28 18:39:22.543000","194","False","False",""
"2","2","Ram Through","iko","Near Mint","English","","","2024-05-28 18:39:14.790000","170","False","False",""
"4","4","Ramosian Rally","mmq","Near Mint","English","","","2024-06-03 03:10:49.760000","38","False","False",""
"4","4","Rancor","ulg","Near Mint","Portuguese","","","2024-05-28 18:39:14.790000","110","False","False",""
"4","4","Raven of Fell Omens","otj","Near Mint","English","foil","","2024-05-28 18:38:45.120000","101","False","False",""
"2","2","Ray of Revelation","dka","Near Mint","English","","","2024-05-28 18:39:48.077000","17","False","False",""
"4","4","Raze the Effigy","dbl","Near Mint","English","","","2024-05-28 18:39:39.257000","156","False","False",""
"4","4","Razortide Bridge","brc","Near Mint","English","","","2024-05-28 18:39:22.543000","195","False","False",""
"4","4","Razzle-Dazzler","otj","Near Mint","English","foil","","2024-05-28 18:38:57.807000","63","False","False",""
"4","4","Reaping the Graves","scg","Near Mint","English","","","2024-05-28 18:38:45.120000","72","False","False",""
"4","4","Reckless Impulse","dbl","Near Mint","English","","","2024-05-28 18:39:39.257000","441","False","False",""
"4","4","Reckless Lackey","otj","Near Mint","English","foil","","2024-05-28 18:39:39.257000","140","False","False",""
"4","4","Reckoner's Bargain","neo","Near Mint","English","","","2024-05-28 18:38:45.120000","120","False","False",""
"1","1","Recommission","bro","Near Mint","English","foil","","2024-06-03 03:15:41.503000","22","False","False",""
"3","3","Recommission","bro","Near Mint","Portuguese","","","2024-06-03 03:15:36.927000","22","False","False",""
"4","4","Red Elemental Blast","4ed","Near Mint","English","","","2024-05-28 18:39:39.257000","218","False","False",""
"2","2","Red Herring","mkm","Near Mint","English","","","2024-05-28 18:39:39.257000","142","False","False",""
"4","4","Relic of Progenitus","ala","Near Mint","English","","","2024-05-28 18:39:06.650000","218","False","False",""
"4","4","Relic's Roar","lci","Near Mint","English","","","2024-06-03 03:24:05.000000","71","False","False",""
"4","4","Remote Isle","dmr","Near Mint","English","","","2024-06-03 05:21:05.330000","254","False","False",""
"4","4","Repository Skaab","vow","Near Mint","Portuguese","","","2024-05-28 18:38:57.807000","73","False","False",""
"4","4","Return to Nature","moc","Near Mint","English","","","2024-05-28 18:39:14.790000","309","False","False",""
"4","4","Rift Bolt","2x2","Near Mint","English","foil","","2024-05-28 18:39:39.257000","122","False","False",""
"3","3","Rimewood Falls","khm","Near Mint","English","","","2024-05-28 18:39:22.543000","266","False","False",""
"1","1","Rimewood Falls","khm","Near Mint","English","foil","","2024-05-28 18:39:22.543000","266","False","False",""
"4","4","Rite of Flame","ss3","Near Mint","English","foil","","2024-05-28 18:39:39.257000","7","False","False",""
"1","1","River Boa","ddm","Near Mint","English","","","2024-05-28 18:39:14.790000","49","False","False",""
"2","2","Rolling Thunder","tmp","Near Mint","English","","","2024-05-28 18:39:39.257000","198","False","False",""
"4","4","Rotten Reunion","mid","Near Mint","English","","","2024-05-28 18:38:45.120000","119","False","False",""
"1","1","Rubblebelt Maverick","mkm","Near Mint","English","","","2024-05-28 18:39:14.790000","174","False","False",""
"1","1","Rugged Highlands","ktk","Near Mint","English","","","2024-05-28 18:39:22.543000","240","False","False",""
"4","4","Rustvale Bridge","mh2","Near Mint","English","","","2024-05-28 18:39:22.543000","253","False","False",""
"3","3","Ruthless Invasion","nph","Near Mint","English","","","2024-06-03 03:41:10.507000","93","False","False",""
"4","4","Sacred Cat","akh","Near Mint","Portuguese","","","2024-05-28 18:39:48.077000","27","False","False",""
"1","1","Sage's Row Denizen","m20","Near Mint","English","","","2024-05-28 18:38:57.807000","73","False","False",""
"4","4","Saiba Cryptomancer","mom","Near Mint","Portuguese","","","2024-05-28 18:38:57.807000","76","False","False",""
"4","4","Sandstone Needle","mmq","Near Mint","English","","","2024-05-28 18:39:22.543000","326","False","False",""
"4","4","Saprazzan Skerry","mmq","Near Mint","English","","","2024-05-28 18:39:22.543000","328","False","False",""
"4","4","Saruli Caretaker","rna","Near Mint","English","","","2024-05-28 18:39:14.790000","139","False","False",""
"4","4","Satyr Wayfinder","bng","Near Mint","English","","","2024-05-28 18:39:14.790000","136","False","False",""
"1","1","Sawblade Scamp","one","Near Mint","English","foil","","2024-06-03 03:39:11.380000","147","False","False",""
"2","2","Scatter Ray","bro","Near Mint","English","","","2024-05-28 18:38:57.807000","61","False","False",""
"1","1","Scattershot","scg","Near Mint","Portuguese","","","2024-05-28 18:39:39.257000","102","False","False",""
"4","4","Scattershot Archer","con","Near Mint","English","","","2024-05-28 18:39:14.790000","90","False","False",""
"4","4","Scholar of Athreos","ths","Near Mint","Portuguese","","","2024-06-03 03:09:06.583000","28","False","False",""
"4","4","Scoured Barrens","m20","Near Mint","English","","","2024-05-28 18:39:22.543000","251","False","False",""
"4","4","Scrapwork Mutt","bro","Near Mint","English","","","2024-05-28 18:39:06.650000","164","False","False",""
"4","4","Sea Gate","clb","Near Mint","English","","","2024-05-28 18:39:22.543000","359","False","False",""
"4","4","Sea Gate Oracle","mm3","Near Mint","English","","","2024-05-28 18:38:57.807000","48","False","False",""
"4","4","Seal of Fire","nem","Near Mint","English","","","2024-05-28 18:39:39.257000","98","False","False",""
"4","4","Searing Blaze","wwk","Near Mint","English","","","2024-05-28 18:39:39.257000","90","False","False",""
"4","4","Seat of the Synod","sld","Near Mint","English","foil","","2024-05-28 18:39:22.543000","301","False","False",""
"2","2","Secret Door","afr","Near Mint","English","","","2024-06-03 03:18:04.610000","71","False","False",""
"4","4","Seeker of the Way","2x2","Near Mint","English","foil","","2024-05-28 18:39:48.077000","341","False","False",""
"4","4","Seeker of the Way","ima","Near Mint","English","","","2024-05-28 18:39:48.077000","29","False","False",""
"4","4","Self-Assembler","a25","Near Mint","English","foil","","2024-05-28 18:39:06.650000","231","False","False",""
"4","4","Sentinel Sliver","m14","Near Mint","English","","","2024-05-28 18:39:48.077000","30","False","False",""
"4","4","Sentinel's Eyes","thb","Near Mint","English","","","2024-05-28 18:39:48.077000","36","False","False",""
"4","4","Serpentine Curve","stx","Near Mint","Portuguese","","","2024-05-28 18:38:57.807000","52","False","False",""
"1","1","Setessan Training","thb","Near Mint","English","foil","","2024-06-03 04:03:03.150000","201","False","False",""
"3","3","Setessan Training","m21","Near Mint","English","","","2024-06-03 04:02:58.953000","205","False","False",""
"2","2","Shenanigans","mh1","Near Mint","English","","","2024-06-03 03:40:35.640000","146","False","False",""
"4","4","Shield-Wall Sentinel","dmu","Near Mint","English","","","2024-05-28 18:39:06.650000","238","False","False",""
"2","2","Shore Up","dmu","Near Mint","English","","","2024-06-03 03:22:34.503000","64","False","False",""
"2","2","Shore Up","dmu","Near Mint","English","foil","","2024-06-03 03:22:25.970000","64","False","False",""
"2","2","Sidewinder Sliver","tsp","Near Mint","English","","","2024-05-28 18:39:48.077000","41","False","False",""
"2","2","Sidewinder Sliver","tsp","Near Mint","English","foil","","2024-05-28 18:39:48.077000","41","False","False",""
"3","3","Sign in Blood","m13","Near Mint","English","","","2024-06-03 03:29:27.853000","110","False","False",""
"1","1","Sign in Blood","mm2","Near Mint","English","","","2024-05-28 18:38:45.120000","97","False","False",""
"4","4","Silhana Ledgewalker","otc","Near Mint","English","","","2024-06-03 03:57:08.267000","206","False","False",""
"4","4","Silverbluff Bridge","brc","Near Mint","English","","","2024-05-28 18:39:22.543000","200","False","False",""
"4","4","Simian Spirit Guide","tsr","Near Mint","Portuguese","","","2024-05-28 18:39:39.257000","190","False","False",""
"1","1","Simic Growth Chamber","2x2","Near Mint","English","foil","","2024-06-03 05:21:09.863000","412","False","False",""
"4","4","Sinew Sliver","plc","Near Mint","English","","","2024-05-28 18:39:48.077000","30","False","False",""
"4","4","Skarrgan Pit-Skulk","gpt","Near Mint","English","","","2024-06-03 03:56:19.427000","96","False","False",""
"4","4","Skewer the Critics","rvr","Near Mint","English","foil","","2024-05-28 18:39:39.257000","340","False","False",""
"4","4","Skirk Prospector","dom","Near Mint","Portuguese","","","2024-05-28 18:39:39.257000","144","False","False",""
"4","4","Skred","csp","Near Mint","English","","","2024-05-28 18:39:39.257000","97","False","False",""
"4","4","Slagwoods Bridge","mh2","Near Mint","English","","","2024-05-28 18:39:22.543000","256","False","False",""
"1","1","Slice from the Shadows","mkm","Near Mint","English","foil","","2024-06-03 03:31:44.473000","301","False","False",""
"4","4","Slime Against Humanity","mkm","Near Mint","English","","","2024-06-03 04:00:56.920000","177","False","False",""
"4","4","Smash to Dust","dmu","Near Mint","English","","","2024-05-28 18:39:39.257000","144","False","False",""
"1","1","Smash to Smithereens","f16","Near Mint","English","foil","","2024-06-03 03:42:23.050000","3","False","False",""
"4","4","Smash to Smithereens","ori","Near Mint","English","","","2024-05-28 18:39:39.257000","163","False","False",""
"4","4","Snap","dmr","Near Mint","English","","","2024-05-28 18:38:57.807000","66","False","False",""
"4","4","Snowfield Sinkhole","khm","Near Mint","English","","","2024-05-28 18:39:22.543000","269","False","False",""
"4","4","Snuff Out","who","Near Mint","English","foil","","2024-05-28 18:38:45.120000","222","False","False",""
"1","1","Somber Hoverguard","mrd","Near Mint","Portuguese","","","2024-06-03 03:18:44.623000","51","False","False",""
"1","1","Somber Hoverguard","mm2","Near Mint","English","","","2024-06-03 03:18:53.073000","57","False","False",""
"4","4","Songs of the Damned","ice","Near Mint","English","","","2024-05-28 18:38:45.120000","160","False","False",""
"2","2","Soul Warden","m10","Near Mint","English","","","2024-06-03 03:05:15.530000","34","False","False",""
"1","1","Soul Warden","m10","Near Mint","Portuguese","","","2024-06-03 03:05:31.213000","34","False","False",""
"3","3","Soul Warden","mm3","Near Mint","English","","","2024-06-03 03:04:54.247000","24","False","False",""
"4","4","Soul's Attendant","ltc","Near Mint","English","foil","","2024-05-28 18:39:48.077000","520","False","False",""
"4","4","Soured Springs","otj","Near Mint","English","foil","","2024-05-28 18:39:22.543000","264","False","False",""
"4","4","Spare Supplies","znr","Near Mint","English","","","2024-05-28 18:39:06.650000","254","False","False",""
"4","4","Spell Pierce","2x2","Near Mint","English","","","2024-05-28 18:38:57.807000","350","False","False",""
"4","4","Spellstutter Sprite","lrw","Near Mint","English","","","2024-05-28 18:38:57.807000","89","False","False",""
"1","1","Spider Umbra","roe","Near Mint","English","","","2024-05-28 18:39:14.790000","208","False","False",""
"4","4","Spidersilk Armor","mmq","Near Mint","English","","","2024-06-03 04:02:39.383000","273","False","False",""
"2","2","Spinneret Sliver","tsp","Near Mint","English","","","2024-05-28 18:39:14.790000","219","False","False",""
"4","4","Spinning Darkness","wth","Near Mint","English","","","2024-05-28 18:38:45.120000","81","False","False",""
"4","4","Spire Golem","dd2","Near Mint","English","","","2024-05-28 18:39:06.650000","16","False","False",""
"2","2","Spirit Link","dmr","Near Mint","English","","","2024-06-03 03:14:08.250000","274","False","False",""
"1","1","Spirit Link","dmr","Near Mint","Portuguese","foil","","2024-06-03 03:14:17.410000","274","False","False",""
"4","4","Springleaf Drum","brr","Near Mint","English","","","2024-05-28 18:39:06.650000","55","False","False",""
"4","4","Squadron Hawk","m11","Near Mint","English","","","2024-05-28 18:39:48.077000","33","False","False",""
"1","1","Squire's Devotion","rix","Near Mint","English","","","2024-06-03 03:15:01.297000","25","False","False",""
"3","3","Squire's Devotion","rix","Near Mint","Portuguese","","","2024-06-03 03:14:54.027000","25","False","False",""
"4","4","Standard Bearer","apc","Near Mint","English","","","2024-05-28 18:39:48.077000","18","False","False",""
"4","4","Steel Sabotage","mbs","Near Mint","English","","","2024-05-28 18:38:57.807000","33","False","False",""
"4","4","Stinkweed Imp","tsr","Near Mint","English","","","2024-05-28 18:38:45.120000","332","False","False",""
"1","1","Stone Rain","mmq","Near Mint","English","","","2024-06-03 03:39:29.840000","215","False","False",""
"3","3","Stonehorn Dignitary","m12","Near Mint","English","","","2024-05-28 18:39:48.077000","37","False","False",""
"6","6","Stormbound Geist","dka","Near Mint","English","","","2024-05-28 18:38:57.807000","51","False","False",""
"4","4","Stream of Thought","plst","Near Mint","English","","","2024-05-28 18:38:57.807000","MH1-71","False","False",""
"4","4","Street Wraith","dmr","Near Mint","English","","","2024-05-28 18:38:45.120000","311","False","False",""
"4","4","Suffocating Fumes","iko","Near Mint","English","","","2024-05-28 18:38:45.120000","100","False","False",""
"1","1","Sulfurous Mire","khm","Near Mint","English","","","2024-05-28 18:39:22.543000","270","False","False",""
"1","1","Sunlit Marsh","dmu","Near Mint","English","foil","","2024-06-03 05:21:14.050000","257","False","False",""
"4","4","Sunscape Familiar","pls","Near Mint","English","","","2024-05-28 18:39:48.077000","17","False","False",""
"4","4","Swirling Sandstorm","jud","Near Mint","English","","","2024-05-28 18:39:39.257000","102","False","False",""
"3","3","Sylvok Lifestaff","som","Near Mint","English","","","2024-06-03 04:11:08.753000","209","False","False",""
"4","4","Take Up the Shield","otj","Near Mint","Portuguese","foil","","2024-06-03 03:12:47.387000","34","False","False",""
"4","4","Tamiyo's Safekeeping","neo","Near Mint","English","","","2024-06-03 04:01:40.663000","211","False","False",""
"4","4","Tangle","inv","Near Mint","English","","","2024-05-28 18:39:14.790000","213","False","False",""
"1","1","Tanglepool Bridge","mh2","Near Mint","English","","","2024-05-28 18:39:22.543000","257","False","False",""
"4","4","Tectonic Hazard","lci","Near Mint","English","foil","","2024-06-03 03:41:52.930000","169","False","False",""
"4","4","Temur Battle Rage","frf","Near Mint","English","","","2024-05-28 18:39:39.257000","116","False","False",""
"3","3","Terminate","mm3","Near Mint","English","","","2024-06-03 04:06:10.583000","194","False","False",""
"1","1","Terminate","c17","Near Mint","English","","","2024-06-03 04:05:55.397000","199","False","False",""
"4","4","Terramorphic Expanse","brc","Near Mint","English","","","2024-05-28 18:39:22.543000","210","False","False",""
"4","4","The Modern Age // Vector Glider","neo","Near Mint","English","foil","","2024-05-28 18:38:57.807000","66","False","False",""
"4","4","Thermo-Alchemist","emn","Near Mint","Portuguese","","","2024-05-28 18:39:39.257000","147","False","False",""
"4","4","Thirsting Roots","one","Near Mint","English","","","2024-05-28 18:39:14.790000","185","False","False",""
"4","4","Thorn of the Black Rose","cn2","Near Mint","English","","","2024-05-28 18:38:45.120000","48","False","False",""
"1","1","Thornwood Falls","frf","Near Mint","English","","","2024-05-28 18:39:22.543000","173","False","False",""
"4","4","Thought Scour","2x2","Near Mint","English","foil","","2024-05-28 18:38:57.807000","65","False","False",""
"4","4","Thoughtcast","brc","Near Mint","English","","","2024-05-28 18:38:57.807000","99","False","False",""
"4","4","Thraben Inspector","prcq","Near Mint","English","foil","","2024-05-28 18:39:48.077000","3","False","False",""
"4","4","Thriving Grove","who","Near Mint","English","","","2024-05-28 18:39:22.543000","325","False","False",""
"3","3","Thriving Grove","jmp","Near Mint","English","","","2024-05-28 18:39:22.543000","34","False","False",""
"1","1","Thriving Heath","jmp","Near Mint","English","","","2024-05-28 18:39:22.543000","35","False","False",""
"1","1","Thriving Heath","cmm","Near Mint","English","","","2024-06-03 05:21:17.443000","431","False","False",""
"4","4","Thriving Isle","jmp","Near Mint","English","","","2024-05-28 18:39:22.543000","36","False","False",""
"1","1","Timberwatch Elf","plst","Near Mint","English","","","2024-05-28 18:39:14.790000","EMA-190","False","False",""
"4","4","Tithing Blade // Consuming Sepulcher","lci","Near Mint","English","","","2024-05-28 18:38:45.120000","128","False","False",""
"4","4","Tolarian Terror","dmu","Near Mint","English","","","2024-05-28 18:38:57.807000","72","False","False",""
"4","4","Tormod's Crypt","dmr","Near Mint","English","","","2024-05-28 18:39:06.650000","235","False","False",""
"4","4","Toxin Analysis","mkm","Near Mint","English","foil","","2024-06-03 03:32:00.137000","107","False","False",""
"4","4","Trailblazer's Torch","clb","Near Mint","English","","","2024-05-28 18:39:06.650000","340","False","False",""
"2","2","Tramway Station","snc","Near Mint","English","foil","","2024-06-03 05:21:21.190000","356","False","False",""
"4","4","Tranquil Cove","m21","Near Mint","English","","","2024-05-28 18:39:22.543000","258","False","False",""
"4","4","Tree of Tales","sld","Near Mint","English","foil","","2024-05-28 18:39:22.543000","304","False","False",""
"4","4","Troll of Khazad-dûm","ltr","Near Mint","English","foil","","2024-05-28 18:38:45.120000","562","False","False",""
"4","4","Troublemaker Ouphe","woe","Near Mint","English","","","2024-05-28 18:39:14.790000","194","False","False",""
"4","4","Tuktuk Rubblefort","znr","Near Mint","English","","","2024-06-03 03:40:14.720000","173","False","False",""
"4","4","Twin-Silk Spider","mh1","Near Mint","Portuguese","","","2024-05-28 18:39:14.790000","188","False","False",""
"4","4","Ulamog's Crusher","mm2","Near Mint","English","","","2024-05-28 18:39:06.650000","7","False","False",""
"4","4","Underworld Rage-Hound","thb","Near Mint","Portuguese","","","2024-05-28 18:39:39.257000","163","False","False",""
"4","4","Unexpected Fangs","iko","Near Mint","English","","","2024-05-28 18:38:45.120000","102","False","False",""
"2","2","Union of the Third Path","bro","Near Mint","English","","","2024-05-28 18:39:48.077000","31","False","False",""
"2","2","Union of the Third Path","bro","Near Mint","Portuguese","","","2024-06-03 03:11:40.110000","31","False","False",""
"4","4","Unmake","eve","Near Mint","English","","","2024-05-28 18:39:32.067000","96","False","False",""
"1","1","Unwind","dom","Near Mint","Portuguese","","","2024-05-28 18:38:57.807000","72","False","False",""
"4","4","Urborg Repossession","dmu","Near Mint","English","","","2024-06-03 03:30:17.410000","114","False","False",""
"4","4","Urza's Mine","5ed","Near Mint","English","","","2024-05-28 18:39:22.543000","427","False","False",""
"4","4","Urza's Power Plant","5ed","Near Mint","English","","","2024-05-28 18:39:22.543000","428","False","False",""
"4","4","Urza's Tower","5ed","Near Mint","English","","","2024-05-28 18:39:22.543000","429","False","False",""
"4","4","Utopia Sprawl","rvr","Near Mint","English","foil","","2024-05-28 18:39:14.790000","355","False","False",""
"2","2","Valakut Invoker","bfz","Near Mint","English","","","2024-05-28 18:39:39.257000","159","False","False",""
"4","4","Vampire Sovereign","2x2","Near Mint","English","","","2024-05-28 18:38:45.120000","97","False","False",""
"4","4","Vampire's Kiss","vow","Near Mint","English","","","2024-05-28 18:38:45.120000","136","False","False",""
"1","1","Vapor Snag","ddh","Near Mint","English","","","2024-05-28 18:38:57.807000","58","False","False",""
"3","3","Vapor Snag","nph","Near Mint","English","","","2024-05-28 18:38:57.807000","48","False","False",""
"4","4","Vault of Whispers","sld","Near Mint","English","foil","","2024-05-28 18:39:22.543000","302","False","False",""
"4","4","Vault Skirge","pdci","Near Mint","English","foil","","2024-05-28 18:38:45.120000","71","False","False",""
"4","4","Vines of Vastwood","mm2","Near Mint","English","","","2024-05-28 18:39:14.790000","168","False","False",""
"3","3","Viridian Longbow","mrd","Near Mint","English","","","2024-06-03 04:11:18.810000","270","False","False",""
"4","4","Virulent Sliver","fut","Near Mint","English","","","2024-05-28 18:39:14.790000","155","False","False",""
"4","4","Virulent Wound","mbs","Near Mint","English","","","2024-05-28 18:38:45.120000","57","False","False",""
"4","4","Vision Charm","vis","Near Mint","English","","","2024-05-28 18:38:57.807000","49","False","False",""
"4","4","Vivien's Grizzly","war","Near Mint","English","","","2024-06-03 03:58:55.233000","182","False","False",""
"4","4","Vivisurgeon's Insight","one","Near Mint","Portuguese","","","2024-05-28 18:38:57.807000","77","False","False",""
"4","4","Volatile Fjord","khm","Near Mint","Portuguese","","","2024-05-28 18:39:22.543000","273","False","False",""
"4","4","Voldaren Epicure","vow","Near Mint","English","","","2024-05-28 18:39:39.257000","308","False","False",""
"2","2","Wall of Roots","p30a","Near Mint","English","foil","","2024-06-03 03:59:55.990000","4","False","False",""
"4","4","Weather the Storm","h1r","Near Mint","English","foil","","2024-05-28 18:39:14.790000","24","False","False",""
"4","4","Wedding Invitation","vow","Near Mint","English","","","2024-06-03 04:10:49.563000","260","False","False",""
"4","4","Wellwisher","ons","Near Mint","English","","","2024-06-03 03:59:11.897000","300","False","False",""
"1","1","Whitemane Lion","dmr","Near Mint","English","","","2024-06-03 03:07:12.763000","277","False","False",""
"2","2","Whitemane Lion","dmr","Near Mint","Portuguese","","","2024-06-03 03:07:19.677000","277","False","False",""
"4","4","Wild Growth","dmr","Near Mint","English","foil","","2024-05-28 18:39:14.790000","352","False","False",""
"1","1","Wind Zendikon","wwk","Near Mint","English","","","2024-06-03 03:20:45.843000","46","False","False",""
"4","4","Winding Way","mh1","Near Mint","English","","","2024-05-28 18:39:14.790000","193","False","False",""
"4","4","Wind-Scarred Crag","c19","Near Mint","Portuguese","","","2024-05-28 18:39:22.543000","285","False","False","0.00"
"4","4","Winged Sliver","tmp","Near Mint","English","","","2024-06-03 03:19:15.913000","106","False","False",""
"3","3","Witching Well","eld","Near Mint","English","","","2024-06-03 03:19:52.350000","74","False","False",""
"1","1","Witching Well","cmm","Near Mint","English","","","2024-06-03 03:19:45.410000","135","False","False",""
"4","4","Witch's Cottage","eld","Near Mint","English","","","2024-05-28 18:39:22.543000","249","False","False",""
"1","1","Witherbloom Campus","stx","Near Mint","English","","","2024-06-03 05:21:24.503000","275","False","False",""
"4","4","Wizard's Rockets","pltr","Near Mint","English","foil","","2024-06-03 05:21:27.683000","400s","False","False",""
"2","2","Wooded Ridgeline","dmu","Near Mint","English","","","2024-05-28 18:39:22.543000","260","False","False",""
"2","2","Wooded Ridgeline","dmu","Near Mint","English","foil","","2024-06-03 05:21:30.787000","260","False","False",""
"4","4","Woodland Chasm","khm","Near Mint","English","","","2024-05-28 18:39:22.543000","274","False","False",""
"4","4","Wrenn's Resolve","mom","Near Mint","English","","","2024-05-28 18:39:39.257000","173","False","False",""
"4","4","Wretched Gryff","emn","Near Mint","Portuguese","","","2024-05-28 18:39:06.650000","12","False","False",""
"4","4","Writhing Necromass","dmu","Near Mint","English","","","2024-06-03 03:28:29.593000","115","False","False",""
"4","4","You Meet in a Tavern","afr","Near Mint","English","","","2024-05-28 18:39:14.790000","215","False","False",""
"4","4","Young Wolf","dka","Near Mint","English","","","2024-06-03 03:55:33.790000","134","False","False",""
